@misc{mayor-car-free-day,
  title = {{Mayor launches plans for London’s biggest Car Free Day celebrations}},
  Year = {2019},
  Month = {June},
  howpublished = {\url{https://www.london.gov.uk/press-releases/mayoral/londons-biggest-ever-car-free-day}},
  note = {Accessed: 2020-01-15}
}

@misc{mayor-reduce-car-use,
  title = {{Mayor sets out ambitious plan to persuade Londoners to reduce car use}},
  Year = {2017},
  Month = {June},
  howpublished = {\url{https://www.london.gov.uk/press-releases/mayoral/plan-to-persuade-londoners-to-reduce-car-use}},
  note = {Accessed: 2020-01-15}
}

@misc{annual-bus-stats,
  title = {{Annual Bus Statistics: England 2017/18}},
  Year = {2019},
  Month = {January},
  howpublished = {\url{https://assets.publishing.service.gov.uk/government/uploads/system/uploads/attachment_data/file/774565/annual-bus-statistics-year-ending-mar-2018.pdf}},
  note = {Accessed: 2020-01-15}
}

@misc{motoring-faqs,
  title = {{Mobility - RAC Foundation}},
  howpublished = {\url{https://www.racfoundation.org/motoring-faqs/mobility}},
  note = {Accessed: 2020-01-15}
}

@misc{quarterly-bus-stats,
  title = {{Quarterly bus statistics: April to June 2019}},
  howpublished = {\url{https://www.gov.uk/government/statistics/quarterly-bus-statistics-april-to-june-2019}},
  note = {Accessed: 2020-01-15}
}

@article{traffic-modelling-article,
  author    = {Jithendra. H .K and Naga Ravi Kanth Devarapalli},
  title     = {Predicting Bus Arrival Time based on Traffic Modelling and Real-time Delay},
  journal   = {International Journal of Engineering Research \& Technology (IJERT)},
  volume    = {Volume 4 Issue 06},
  month     = {June},
  year      = {2015},
  url       = {https://www.ijert.org/research/predicting-bus-arrival-time-based-on-traffic-modelling-and-real-time-delay-IJERTV4IS060512.pdf},
  pages = {421-426}
}

@article{dynamic-gps,
  author    = {Wei Fan and Zegeye Gurmu},
  title     = {Dynamic Travel Time Prediction Models for Buses Using Only GPS Data},
  journal   = {International Journal of Transportation Science and Technology},
  volume    = {Volume 4 Issue 4},
  year      = {2015},
  url       = {https://www.sciencedirect.com/science/article/pii/S204604301630168X},
  pages = {353-366}
}

@techreport{smart-public-transport,
  author    = {Fangzhou Sun, Yao Pan, Jules White and Abhishek Dubey},
  title     = {Real-time and Predictive Analytics for Smart Public Transportation Decision Support System},
  institution = {Institute of Software Integrated Systems, Department of EECS, Vanderbilt University, Nashville, TN, USA},
  year = {2016},
  url = {https://www.isis.vanderbilt.edu/sites/default/files/smartcomp2016.pdf}
}

@misc{google-machine-learning,
  title = {{Predicting Bus Delays with Machine Learning}},
  howpublished = {\url{https://ai.googleblog.com/2019/06/predicting-bus-delays-with-machine.html}},
  month = {June},
  year = {2019},
  author = {Alex Fabrikant},
  note = {Accessed: 2020-01-15}
}

@inproceedings{ann-prediction,
  author    = {R. Jeong and R. Rilett},
  title     = {Bus arrival time prediction using artificial neural network model},
  booktitle = {Proceedings. The 7th International IEEE Conference on Intelligent Transportation Systems (IEEE Cat. No.04TH8749)},
  year      = {2004},
  publisher = {IEEE},
  url       = {https://ieeexplore.ieee.org/abstract/document/1399041},
  pages = {353-366}
}

@article{apc-estimation,
  author    = {Jayakrishna Patnaik, Steven Chien, and Athanassios Bladikas},
  title     = {Estimation of Bus Arrival Times Using APC Data},
  journal   = {Journal of Public Transportation},
  volume    = {Volume 7 Issue 1},
  year      = {2004},
  url       = {https://scholarcommons.usf.edu/cgi/viewcontent.cgi?article=1337&context=jpt},
  pages = {1-20}
}

@article{weather-transport-effect,
  author    = {Mark J.Koetse and Piet Rietveld},
  title     = {The Impact of Climate Change and Weather on Transport: an Overview of Empirical Findings },
  journal   = {Transportation Research Part D: Transport and Environment},
  volume    = {Volume 14 Issue 03},
  month     = {May},
  year      = {2009},
  url       = {https://www.sciencedirect.com/science/article/pii/S136192090800165X},
  pages = {205-221}
}

@misc{forecasting-book,
  title = {{Forecasting: Principles and Practice}},
  howpublished = {\url{https://otexts.com/fpp2/}},
  month = {January},
  year = {2020},
  author = {Rob J Hyndman and George Athanasopoulos},
  note = {Accessed: 2020-01-27}
}

@misc{what-is-forecasting,
  title = {{What is Statistical Forecasting? A snowfall-based explanation}},
  howpublished = {\url{https://blog.arkieva.com/statistical-forecasting-definition/}},
  month = {April},
  year = {2018},
  author = {Sujit Singh},
  note = {Accessed: 2020-01-22}
}

@misc{neural-networks-book,
  title = {{Neural Networks and Deep Learning}},
  howpublished = {\url{http://neuralnetworksanddeeplearning.com/chap1.html}},
  year = {2015},
  author = {Michael A. Nielsen},
  publisher = {Determination Press},
  note = {Accessed: 2020-01-22}
}

@book{deep-learning-book,
    title={Deep Learning},
    author={Ian Goodfellow, Yoshua Bengio and Aaron Courville},
    publisher={MIT Press},
    note={\url{http://www.deeplearningbook.org}},
    year={2016}
}

@misc{methods-for-ds-slides,
  title = {{Artificial Neural Networks, Methods for Data Science, MATH96007/MATH97019/MATH97097 Imperial College Mathematics Department}},
  howpublished = {\url{https://bb.imperial.ac.uk/bbcswebdav/pid-1701938-dt-content-rid-5490698_1/courses/JY201910/lectures_ANN_1.pdf}},
  month = {November},
  year = {2019},
  author = {Robert L. Peach},
  note = {Accessed: 2020-01-24}
}

@misc{regression-techniques,
  title = {{7 Regression Techniques you should know!}},
  howpublished = {\url{https://www.analyticsvidhya.com/blog/2015/08/comprehensive-guide-regression/}},
  author = {Sunil Ray},
  month = {August},
  year = {2015},
  note = {Accessed: 2020-01-27}
}

@misc{m2s2-notes,
  title = {{Statistical Modelling 1 M2S2 Imperial College Mathematics Department}},
  howpublished = {\url{https://union.ic.ac.uk/rcsu/mathsoc/files/M2S2-16.pdf}},
  year = {2019},
  author = {Ben Calderhead},
  note = {Accessed: 2020-01-27}
}

@article{consistent-traffic,
    author = {B. M. Williams and L. A. Hoel},
    year = {2003},
    pages = {664-672},
    title = {Modeling and forecasting vehicular traffic flow as a seasonal arima process: Theoretical basis and empirical
results},
    volume = {Volume 129},
    url = {https://www.researchgate.net/publication/234164011_Modeling_and_Forecasting_Vehicular_Traffic_Flow_as_a_Seasonal_ARIMA_Process_Theoretical_Basis_and_Empirical_Results},
    journal = {{Journal of transportation engineering}}
}

@misc{kalman-korean,
  title = {{Introduction to Kalman Filter and Its Applications}},
  howpublished = {\url{https://www.intechopen.com/books/introduction-and-implementations-of-the-kalman-filter/introduction-to-kalman-filter-and-its-applications}},
  year = {2018},
  month = {November},
  author = {Youngjoo Kim and Hyochoong Bang},
  note = {Accessed: 2020-02-02}
}

@misc{kalman-malay,
  title = {{Kalman Filtering and Its Real-Time Applications}},
  howpublished = {\url{https://cdn.intechopen.com/pdfs/50419.pdf}},
  year = {2016},
  month = {June},
  author = {Lim Chot Hun, Ong Lee Yeng, Lim Tien Sze and Koo Voon Chet},
  note = {Accessed: 2020-02-02}
}

@misc{tfl-api,
  title = {{Transport for London Unified API Documentation}},
  howpublished = {\url{https://api-portal.tfl.gov.uk/docs}},
  note = {Accessed: 2020-02-08}
}

@misc{tfl-bus-documentation,
    title = {{TfL Live Bus \& River Bus Arrivals API Interface Documentation}},
    howpublished = {\url{http://content.tfl.gov.uk/tfl-live-bus-river-bus-arrivals-api-documentation.pdf}},
      note = {Accessed: 2020-04-30}
}

@misc{lockdown-easing,
    title = {{Coronavirus: Lockdown easing in England 'modest' - Jenrick}},
    howpublished = {\url{https://www.bbc.com/news/uk-52869875}},
      note = {Accessed: 2020-06-10}
}

@misc{correlation-coeff,
    title = {{Laerd Statistics: Pearson's product moment correlation. Statistical tutorials and software guides.}},
    howpublished = {\url{https://statistics.laerd.com/statistical-guides/pearson-correlation-coefficient-statistical-guide.php}},
      note = {Accessed: 2020-06-11}
}

@article{correlation-coeff-journal,
    author = {Student},
    year = {1908},
    month = {September},
    day = {1},
    pages = {302-310},
    title = {Probable error of a correlation coefficient},
    volume = {Volume 6},
    url = {https://academic.oup.com/biomet/article-abstract/6/2-3/302/331542},
    journal = {{Biometrika}}
}

@article{forecasting-performance-measures,
    author = {Klimberg, Ronald and Sillup, George and Boyle, Kevin and Tavva, Vinay},
    year = {2010},
    month = {November},
    pages = {137-147},
    title = {Forecasting performance measures - What are their practical meaning?},
    volume = {7},
    isbn = {978-0-85724-201-3},
    journal = {Advances in Business and Management Forecasting},
    doi = {10.1108/S1477-4070(2010)0000007012}
}

@article{intelligent-transport-systems,
    author = {J. Houghton, J. Reiners, C. Lim},
    year = {2009},
    title = {Intelligent transport system: how cities can improve mobility},
    journal = {IBM Institute for Business Value},
    url = {ftp://ftp.software.ibm.com/common/ssi/pm/xb/n/gbe03232usen/GBE03232USEN.PDF}
}

@article{interpolation-in-time-series,
    author = {Mathieu Lepot, Jean-Baptiste Aubin, François H.L.R. Clemens},
    year = {2017},
    month = {October},
    title = {Interpolation in Time Series: An Introductive Overview of Existing Methods, Their Performance Criteria and Uncertainty Assessment},
    journal = {MDPI Water}
}

@inproceedings {aviation-regression-interpolation,
    author={H. Chai and K. Lee},
    booktitle={2019 IEEE/AIAA 38th Digital Avionics Systems Conference (DASC)},
    title={En-route arrival time prediction via locally weighted linear regression and interpolation},
    year={2019}
}

@Book{intro-to-numerical-analysis-atkinson,
  TITLE = {An Introduction to Numerical Analysis},
  SUBTITLE = {2nd Edition},
  AUTHOR = {K. Atkinson},
  YEAR = {1978},
  PUBLISHER = {John Wiley and Sons},
  ISBN = {0-471-62489-6}
}

@Book{intro-to-numerical-analysis-suli,
  TITLE = {An Introduction to Numerical Analysis},
  Chapter = {6},
  AUTHOR = {E. Suli and D. Mayers},
  YEAR = {2003},
  PUBLISHER = {Cambridge University Press},
  ISBN = {978-0-511-07810-1}
}

@misc{m2aa3-notes,
  title = {Introduction to Numerical Analysis M2AA3 Imperial College Mathematics Department},
  howpublished = {\url{https://union.ic.ac.uk/rcsu/mathsoc/files/M2AA3-16.pdf}},
  year = {2016},
  author = {Robert Nurnberg},
  note = {Accessed: 2020-06-12}
}

@misc{significance-of-eda,
  title = {Significance of Exploratory Data Analysis (EDA)},
  howpublished = {\url{http://www.jeannjoroge.com/significance-of-exploratory-data-anaysis/}},
  year = {2017},
  month = {November},
  author = {Jean-leah Njoroge},
  note = {Accessed: 2020-06-12}
}

@misc{engineering-stats-handbook,
  title = {NIST-SEMATECH Engineering Statistics Handbook},
  howpublished = {\url{https://www.itl.nist.gov/div898/handbook/eda/section3/eda35h.htm}},
  year = {2003},
  note = {Accessed: 2020-06-12}
}

@misc{tfl-press-release-april,
    author = {Transport for London Press Release},
    year = {2020},
    month = {April},
    day = {17},
    title = {TfL introduces middle-door only boarding across the London bus network},
    url = {https://tfl.gov.uk/info-for/media/press-releases/2020/april/tfl-introduces-middle-door-only-boarding-across-the-london-bus-network},
    note = {Accessed: 2020-06-12}
}

@misc{tfl-press-release-may,
    author = {Transport for London Press Release},
    year = {2020},
    month = {May},
    day = {18},
    title = {Tube, rail and bus services stepped up for people who have to use public transport},
    url = {https://tfl.gov.uk/info-for/media/press-releases/2020/may/tube-rail-and-bus-services-stepped-up-for-people-who-have-to-use-public-transport},
    note = {Accessed: 2020-06-12}
}

@misc{london-lockdown-dates,
  title = {When will lockdown end? The UK's lockdown rules, explained},
  autho = {Matt Burgess}, 
  howpublished = {\url{https://www.wired.co.uk/article/uk-lockdown}},
  year = {2020},
  note = {Accessed: 2020-06-12}
}

